<record><leader>00000cas a2200000 a 4500</leader><controlfield tag="001">10821344</controlfield><controlfield tag="008">840608d18651875scuir ne      0   a0eng  </controlfield><controlfield tag="009">3781</controlfield><datafield ind1=" " ind2=" " tag="010"><subfield code="a">sn 84027005 </subfield></datafield><datafield ind1=" " ind2=" " tag="040"><subfield code="a">NPU</subfield><subfield code="b">eng</subfield><subfield code="c">NPU</subfield><subfield code="d">DLC</subfield><subfield code="d">NPX</subfield><subfield code="d">NST</subfield><subfield code="d">NLG</subfield><subfield code="d">SVN</subfield><subfield code="d">YOX</subfield><subfield code="d">DLC</subfield><subfield code="d">OCLCQ</subfield><subfield code="d">DLC</subfield><subfield code="d">OCLCF</subfield></datafield><datafield ind1=" " ind2=" " tag="012"><subfield code="l">a</subfield></datafield><datafield ind1="1" ind2=" " tag="022"><subfield code="a">2158-9011</subfield><subfield code="2">1</subfield></datafield><datafield ind1="1" ind2=" " tag="029"><subfield code="a">AU@</subfield><subfield code="b">000026223495</subfield></datafield><datafield ind1=" " ind2=" " tag="042"><subfield code="a">pcc</subfield><subfield code="a">nsdp</subfield></datafield><datafield ind1=" " ind2=" " tag="043"><subfield code="a">n-us-sc</subfield></datafield><datafield ind1="0" ind2="0" tag="050"><subfield code="a">Newspaper</subfield></datafield><datafield ind1=" " ind2="0" tag="222"><subfield code="a">Tri-weekly phoenix</subfield></datafield><datafield ind1="0" ind2="0" tag="245"><subfield code="a">Tri-weekly phoenix.</subfield></datafield><datafield ind1="1" ind2="3" tag="246"><subfield code="a">Phoenix</subfield></datafield><datafield ind1=" " ind2=" " tag="260"><subfield code="a">[Columbia, S.C. :</subfield><subfield code="b">J.A. Selby]</subfield></datafield><datafield ind1=" " ind2=" " tag="300"><subfield code="a">v. :</subfield><subfield code="b">ill. (chiefly advertisements) ;</subfield><subfield code="c">31-52 cm.</subfield></datafield><datafield ind1=" " ind2=" " tag="310"><subfield code="a">Triweekly</subfield></datafield><datafield ind1="1" ind2=" " tag="362"><subfield code="a">Began Apr. 11, 1865.</subfield></datafield><datafield ind1="1" ind2=" " tag="362"><subfield code="a">Ceased in 1875.</subfield><subfield code="z">Cf. Gregory, W. Amer. newspapers.</subfield></datafield><datafield ind1=" " ind2=" " tag="500"><subfield code="a">Imprint taken from daily ed.</subfield></datafield><datafield ind1=" " ind2=" " tag="500"><subfield code="a">Published without masthead, &lt;Apr.-May, 1865&gt;.</subfield></datafield><datafield ind1=" " ind2=" " tag="500"><subfield code="a">Publisher: Julian A. Selby, &lt;1867&gt;.</subfield></datafield><datafield ind1=" " ind2=" " tag="530"><subfield code="a">Archived issues are available in digital format as part of the Library of Congress Chronicling America online collection.</subfield></datafield><datafield ind1=" " ind2="0" tag="651"><subfield code="a">Richland County (S.C.)</subfield><subfield code="v">Newspapers.</subfield></datafield><datafield ind1=" " ind2="0" tag="651"><subfield code="a">Columbia (S.C.)</subfield><subfield code="v">Newspapers.</subfield></datafield><datafield ind1=" " ind2="7" tag="655"><subfield code="a">Newspapers.</subfield><subfield code="2">fast</subfield><subfield code="0">(OCoLC)fst01423814</subfield></datafield><datafield ind1=" " ind2="7" tag="651"><subfield code="a">South Carolina</subfield><subfield code="z">Columbia.</subfield><subfield code="2">fast</subfield><subfield code="0">(OCoLC)fst01206785</subfield></datafield><datafield ind1=" " ind2="7" tag="651"><subfield code="a">South Carolina</subfield><subfield code="z">Richland County.</subfield><subfield code="2">fast</subfield><subfield code="0">(OCoLC)fst01206357</subfield></datafield><datafield ind1=" " ind2=" " tag="752"><subfield code="a">United States</subfield><subfield code="b">South Carolina</subfield><subfield code="c">Richland</subfield><subfield code="d">Columbia.</subfield></datafield><datafield ind1="0" ind2=" " tag="775"><subfield code="t">Columbia phoenix (Columbia, S.C. : Daily)</subfield><subfield code="x">2158-902X</subfield><subfield code="w">(DLC)sn 84027006</subfield><subfield code="w">(OCoLC)10821511</subfield></datafield><datafield ind1="0" ind2=" " tag="775"><subfield code="t">Columbia daily phoenix</subfield><subfield code="x">2158-9038</subfield><subfield code="w">(DLC)sn 84027007</subfield><subfield code="w">(OCoLC)10821627</subfield></datafield><datafield ind1="0" ind2=" " tag="775"><subfield code="t">Daily phoenix</subfield><subfield code="x">2158-9046</subfield><subfield code="w">(DLC)sn 84027008</subfield><subfield code="w">(OCoLC)10821777</subfield></datafield><datafield ind1="0" ind2="7" tag="780"><subfield code="t">Columbia phoenix (Columbia, S.C. : Triweekly)</subfield><subfield code="x">2158-9003</subfield><subfield code="w">(DLC)sn 84027004</subfield><subfield code="w">(OCoLC)10821254</subfield></datafield><datafield ind1="4" ind2="1" tag="856"><subfield code="u">http://www.loc.gov/chroniclingamerica/lccn/sn84027005/issues</subfield></datafield></record>